@article{li2020fourier,
	title={Fourier neural operator for parametric partial differential equations},
	author={Li, Zongyi and Kovachki, Nikola and Azizzadenesheli, Kamyar and Liu, Burigede and Bhattacharya, Kaushik and Stuart, Andrew and Anandkumar, Anima},
	journal={arXiv preprint arXiv:2010.08895},
	year={2020}
}
@article{kovachki2021neural,
	title={Neural operator: Learning maps between function spaces},
	author={Kovachki, Nikola and Li, Zongyi and Liu, Burigede and Azizzadenesheli, Kamyar and Bhattacharya, Kaushik and Stuart, Andrew and Anandkumar, Anima},
	journal={arXiv preprint arXiv:2108.08481},
	year={2021}
}
@article{kovachki2021universal,
	title={On universal approximation and error bounds for fourier neural operators},
	author={Kovachki, Nikola and Lanthaler, Samuel and Mishra, Siddhartha},
	journal={The Journal of Machine Learning Research},
	volume={22},
	number={1},
	pages={13237--13312},
	year={2021},
	publisher={JMLRORG}
}